@PREAMBLE{
 "\providecommand{\noopsort}[1]{}" 
 # "\providecommand{\singleletter}[1]{#1}%" 
}


@PROCEEDINGS{nxold, 
   title        = "Proceedings of the Eigth International Conference on Neutron Scattering: ICNS 2005", 
   year         = "2006", 
   editor       = "S.J. Campbell and J.M. Cadogan and M. Furusaka and N. Hauser and M. James and  R. Osborn and C.C. Wilson", 
   volume       = "385-386", 
   series       = "Physica B Condensed Matter", 
   publisher    = "Elsevier", 
   note         = "The State of the NeXus data format",
   pages        = "1343-1345", 
}


@MANUAL{hdf5,
   author = "Hdfgroup",
   title = "HDF-5",
   year = "2014 (accessed july 2014)",
   note  = "\url{http://www.hdfgroup.org/HDF5/}",
}


@ARTICLE{mcstas,
   author       = "P. Willendrup and E. Farhi and K. Lefmann",
   year         = "2004",
   journal      = "Physica B",
   volume       = "350",
   pages        = "735",
}

@BOOK{ITCVG,
   author       = {S.R. Hall and B. McMahon},
   year         = 2006,
   title        = {International Tables for Cystallography Volume G: Definition and exchange of crystallographic data},
   publisher    = {Wiley}
}

@MANUAL{nxman,
   author = "NIAC",
   title = "NeXus Manual",
   year = "2014 (accessed july 2014)",
   note  = "\url{http://download.nexusformat.org/kits/definitions/nexus-manual-3.1.0.tar.gz}",
}
, Volume G: Definition and Exchange of Crystallographic
Data,'' Vol. G, S. R. Hall and B. McMahon, eds., International Union
of Crystallography, Springer, Dordrecht, NL, 2005, pp. 544 -- 556.
See http://sf.net.projects/cbflib and
http://www.bernstein-plus-sons.com/software/CBF/"

@INCOLLECTION{cbflib,
   author = "H. J. Bernstein and  P. J. Ellis",
   title = "CBFlib: An {ANSI} {C} Library for Manipulating Image Data",
   chapter = "5.6",
   pages = "544 -- 556",
   booktitle = "International Tables For Crystallography",
   volume = "G: Definition and Exchange of Crystallographic Data",
   editor = "S. R. Hall and B. McMahon",
   publisher = "Springer",
   address = "Dordrecht, NL",
   year = "2005",
   note  = "see \url{http://sf.net.projects/cbflib} and \url{http://www.bernstein-plus-sons.com/software/CBF/}",
}


@MANUAL{nxwww,
   author = "NIAC",
   title = "NeXus A common data format for neutron, x-ray and muon science",
   year = "2014 (accessed july 2014)",
   note  = "\url{http://www.nexusformat.org/}",
}

@MANUAL{cansas,
   author = "canSAS",
   title = "Description of the canSAS2012 data format",
   year = "2014 (accessed july 2014)",
   note  = "\url{http://www.cansas.org/formats/canSAS2012/1.0/doc/}",
}

